@inproceedings{LIBCRET,
 author = {Roglia, Giampaolo Fresi and Martignoni, Lorenzo and Paleari, Roberto and Bruschi, Danilo},
 title = {{Surgically Returning to Randomized Lib(C)}},
 booktitle = {Proceedings of the 2009 Annual Computer Security Applications Conference},
 series = {ACSAC '09},
 year = {2009},
 isbn = {978-0-7695-3919-5},
 pages = {60--69},
 numpages = {10},
 url = {http://dx.doi.org/10.1109/ACSAC.2009.16},
 doi = {10.1109/ACSAC.2009.16},
 acmid = {1723221},
 publisher = {IEEE Computer Society},
 address = {Washington, DC, USA},
} 


@inproceedings{10.1145/2103799.2103805,
 author = {Chen, Haogang and Mao, Yandong and Wang, Xi and Zhou, Dong and Zeldovich, Nickolai and Kaashoek, M. Frans},
 title = {{Linux Kernel Vulnerabilities: State-of-the-Art Defenses and Open Problems}},
 year = {2011},
 isbn = {9781450311793},
 publisher = {Association for Computing Machinery},
 address = {New York, NY, USA},
 url = {https://doi.org/10.1145/2103799.2103805},
 doi = {10.1145/2103799.2103805},
 booktitle = {Proceedings of the Second Asia-Pacific Workshop on Systems},
 articleno = {Article 5},
 numpages = {5},
 location = {Shanghai, China},
 series = {APSys ’11}
}

@article{10.1145/1961296.1950401,
 author = {Palix, Nicolas and Thomas, Ga\"{e}l and Saha, Suman and Calv\`{e}s, Christophe and Lawall, Julia and Muller, Gilles},
 title = {{Faults in Linux: Ten Years Later}},
 year = {2011},
 issue_date = {March 2011},
 publisher = {Association for Computing Machinery},
 address = {New York, NY, USA},
 volume = {46},
 number = {3},
 issn = {0362-1340},
 url = {https://doi.org/10.1145/1961296.1950401},
 doi = {10.1145/1961296.1950401},
 journal = {SIGPLAN Not.},
 month = mar,
 pages = {305--318},
 numpages = {14},
 keywords = {fault-finding tools, linux}
}

@inproceedings{10.1145/3339252.3340506,
 author = {Li, Zhuohua and Wang, Jincheng and Sun, Mingshen and Lui, John C.S.},
 title = {{Securing the Device Drivers of Your Embedded Systems: Framework and Prototype}},
 year = {2019},
 isbn = {9781450371643},
 publisher = {Association for Computing Machinery},
 address = {New York, NY, USA},
 url = {https://doi.org/10.1145/3339252.3340506},
 doi = {10.1145/3339252.3340506},
 booktitle = {Proceedings of the 14th International Conference on Availability, Reliability and Security},
 articleno = {Article 71},
 numpages = {10},
 keywords = {Rust, Linux Kernel, Device Drivers},
 location = {Canterbury, CA, United Kingdom},
 series = {ARES ’19}
}

@article{10.1145/502059.502042,
 author = {Chou, Andy and Yang, Junfeng and Chelf, Benjamin and Hallem, Seth and Engler, Dawson},
 title = {{An Empirical Study of Operating Systems Errors}},
 year = {2001},
 issue_date = {December 2001},
 publisher = {Association for Computing Machinery},
 address = {New York, NY, USA},
 volume = {35},
 number = {5},
 issn = {0163-5980},
 url = {https://doi.org/10.1145/502059.502042},
 doi = {10.1145/502059.502042},
 journal = {SIGOPS Oper. Syst. Rev.},
 month = oct,
 pages = {73--88},
 numpages = {16}
}

@inproceedings{follner2016analyzing,
  title={{Analyzing the gadgets}},
  author={Follner, Andreas and Bartel, Alexandre and Bodden, Eric},
  booktitle={International Symposium on Engineering Secure Software and Systems},
  pages={155--172},
  year={2016},
  organization={Springer}
}

@misc{schirra_2019, title={Ropper}, note={\url{https://github.com/sashs/Ropper}}, journal={GitHub Ropper}, author={Schirra, Sascha}, year={2019}}

@misc{web:sysbench,
  author = {{SysBench}},
  title = {{A System Performance Benchmark}},
  note = {\url{http://sysbench.sourceforge.net/}},
}

@inproceedings{MINIX,
 author = {Herder, Jorrit N. and Bos, Herbert and Gras, Ben and Homburg, Philip and Tanenbaum, Andrew S.},
 title = {{Reorganizing UNIX for Reliability}},
 booktitle = {Proceedings of the 11th Asia-Pacific Conference on Advances in Computer Systems Architecture},
 series = {ACSAC'06},
 year = {2006},
 isbn = {3-540-40056-7, 978-3-540-40056-1},
 location = {Shanghai, China},
 pages = {81--94},
 numpages = {14},
 url = {http://dx.doi.org/10.1007/11859802_8},
 doi = {10.1007/11859802_8},
 acmid = {2089800},
} 

@article{PLTGCC,
author = {{GCC mailing list}},
year = {2015},
note = {\url{https://gcc.gnu.org/ml/gcc-patches/2015-05/msg00001.html}},
title = {{Eliminate PLT stubs for specified external functions}}
}

@article{AMD,
author = {{Advanced Micro Devices, Inc.}},
year = {2017},
note = {\url{https://developer.amd.com/resources/developer-guides-manuals/}},
title = {{AMD64 Architecture Programmer's Manual}}
}

@INPROCEEDINGS{ASLR,
author={ J. {Xu} and Z. {Kalbarczyk} and R. K. {Iyer}},
booktitle={22nd International Symposium on Reliable Distributed Systems},
title={{Transparent runtime randomization for security}},
year={2003},
volume={},
number={},
pages={260-269},
keywords={safety-critical software;Unix;transparent runtime randomization;security attacks;software implementation vulnerabilities;application memory address space;dynamic program loader;attack prevention;TRR;Runtime;Data security;Information security;Operating systems;Buffer overflow;Linux;Invasive software;Computer bugs;Computer crime;Protection},
doi={10.1109/RELDIS.2003.1238076},
ISSN={1060-9857},
month={Oct},}

@article{X86ABI,
author = {Lu H.J. and Matz, Michael and Girkar, Milind and Hubicka, Jan and Jaeger, Andreas and Mitchell, Mark},
year = {2018},
note = {\url{https://github.com/hjl-tools/x86-psABI/wiki/x86-64-psABI-1.0.pdf}},
title = {{System V Application Binary Interface AMD64 Architecture Processor Supplement Version 1.0}}
}

@Misc{nergal,
  author =    {Nergal},
  title =     {{The advanced return-into-lib(c) exploits: PaX case study}},
  howpublished = {Phrack 58:4, \url{http://phrack.org/issues/58/4.html}},
  month =     {December},
  year =      2001}

@article{PAXPROJECT,
author = {{PaX project}},
note = {\url{https://pax.grsecurity.net/docs/pax.txt}},
title = {{Design Document}}
}

@article{PAXASLR,
author = {{PaX project}},
note = {\url{https://pax.grsecurity.net/docs/aslr.txt}},
title = {{ASLR Design Document}}
}

@article{ropgadget,
author = {{ROPgadget project}},
note = {\url{https://github.com/JonathanSalwan/ROPgadget}},
title = {{ROPgadget Tool}}
}

@article{spec2017,
author = {{Standard Performance Evaluation Corporation}},
note = {\url{https://www.spec.org/cpu2017/}},
title = {{SPEC CPU2017}}
}

@article{LINUXVULNDECADE,
author = {{Bill Mertka}},
note = {\url{https://www.servercentral.com/blog/linux-vulnerabilities-importance-patching/}},
year = {2018},
title = {{Recent Linux vulnerabilities and the importance of patching}}
}

@article{MACOSVULN,
author = {{CVE Details}},
note = {\url{https://www.cvedetails.com/vulnerability-list/vendor_id-49/product_id-156/Apple-Mac-Os-X.html}},
year = {2019},
title = {{MacOS X Security Vulnerabilities}}
}

@article{WINDOWSVULN,
author = {{CVE Details}},
note = {\url{https://www.cvedetails.com/vulnerability-list/vendor_id-26/product_id-32238/Microsoft-Windows-10.htmll}},
year = {2019},
title = {{Windows 10 Security Vulnerabilities}}
}

@article{LINUXVULN,
author = {{CVE Details}},
note = {\url{https://www.cvedetails.com/vulnerability-list/vendor_id-33/product_id-47/cvssscoremin-7/cvssscoremax-7.99/Linux-Linux-Kernel.html}},
year = {2019},
title = {{Linux Kernel Vulnerabilities}}
}

@inproceedings{MEMORYEXPLOIT,
 author = {Bhatkar, Sandeep and Sekar, R. and DuVarney, Daniel C.},
 title = {{Efficient Techniques for Comprehensive Protection from Memory Error Exploits}},
 booktitle = {Proceedings of the 14th USENIX Security Symposium},
 series = {SSYM'05},
 year = {2005},
 location = {Baltimore, MD},
 pages = {255--270},
 numpages = {16},
 url = {http://dl.acm.org/citation.cfm?id=1251398.1251415},
 acmid = {1251415},
 publisher = {USENIX Association},
 address = {Berkeley, CA, USA},
}

@inproceedings{ASLP,
 author = {Kil, Chongkyung and Jun, Jinsuk and Bookholt, Christopher and Xu, Jun and Ning, Peng},
 title = {{Address Space Layout Permutation (ASLP): Towards Fine-Grained Randomization of Commodity Software}},
 booktitle = {Proceedings of the 22nd Annual Computer Security Applications Conference},
 series = {ACSAC '06},
 year = {2006},
 isbn = {0-7695-2716-7},
 pages = {339--348},
 numpages = {10},
 url = {https://doi.org/10.1109/ACSAC.2006.9},
 doi = {10.1109/ACSAC.2006.9},
 acmid = {1191889},
 publisher = {IEEE Computer Society},
 address = {Washington, DC, USA},
} 

@inproceedings{ASRMINIX,
 author = {Giuffrida, Cristiano and Kuijsten, Anton and Tanenbaum, Andrew S.},
 title = {{Enhanced Operating System Security Through Efficient and Fine-grained Address Space Randomization}},
 booktitle = {Proceedings of the 21st USENIX Security Symposium},
 series = {Security'12},
 year = {2012},
 location = {Bellevue, WA},
 pages = {475--490},
 numpages = {16},
 url = {http://dl.acm.org/citation.cfm?id=2362793.2362833},
 acmid = {2362833},
 publisher = {USENIX Association},
 address = {Berkeley, CA, USA},
} 

@inproceedings{HVMHARVARD,
author = {Grace, Michael and Wang, Zhi and Srinivasan, Deepa and Li, Jinku and Jiang, Xuxian and Liang, Zhenkai and Liakh, Siarhei},
year = {2010},
pages = {162-180},
title = {{Transparent Protection of Commodity OS Kernels Using Hardware Virtualization}},
booktitle={SecureComm 2010},
doi = {10.1007/978-3-642-16161-2_10}
}

@inproceedings{Bletsch:2011:JPN:1966913.1966919,
 author = {Bletsch, Tyler and Jiang, Xuxian and Freeh, Vince W. and Liang, Zhenkai},
 title = {{Jump-oriented Programming: A New Class of Code-reuse Attack}},
 booktitle = {Proceedings of the 6th ACM Symposium on Information, Computer and Communications Security},
 series = {ASIACCS '11},
 year = {2011},
 isbn = {978-1-4503-0564-8},
 location = {Hong Kong, China},
 pages = {30--40},
 numpages = {11},
 url = {http://doi.acm.org/10.1145/1966913.1966919},
 doi = {10.1145/1966913.1966919},
 acmid = {1966919},
 publisher = {ACM},
 address = {New York, NY, USA},
} 

@inproceedings{HOOKSAFE,
 author = {Wang, Zhi and Jiang, Xuxian and Cui, Weidong and Ning, Peng},
 title = {{Countering Kernel Rootkits with Lightweight Hook Protection}},
 booktitle = {Proceedings of the 16th ACM Conference on Computer and Communications Security},
 series = {CCS '09},
 year = {2009},
 isbn = {978-1-60558-894-0},
 location = {Chicago, Illinois, USA},
 pages = {545--554},
 numpages = {10},
 url = {http://doi.acm.org/10.1145/1653662.1653728},
 doi = {10.1145/1653662.1653728},
 acmid = {1653728},
 publisher = {ACM},
 address = {New York, NY, USA},
 keywords = {malware protection, rootkits, virtual machines},
}

@ARTICLE{KERNELCONTROLDATA,
author={J. {Li} and Z. {Wang} and T. {Bletsch} and D. {Srinivasan} and M. {Grace} and X. {Jiang}},
journal={IEEE Transactions on Information Forensics and Security},
title={{Comprehensive and Efficient Protection of Kernel Control Data}},
year={2011},
volume={6},
number={4},
pages={1404-1417},
keywords={operating systems (computers);program compilers;security of data;kernel control data protection;rootkit defenders;rootkit authors;excessive performance overhead;indexed hooks;kernel control flow enforcement;legal jump targets;rootkit attacks;compiler based prototype;FreeBSD 8.0 kernel;control transfer instructions;Kernel;Prototypes;Computer security;Process control;System design and analysis;Virtual machine monitors;Indexes;Intrusion prevention and tolerance;software;system design and implementation},
doi={10.1109/TIFS.2011.2159712},
ISSN={1556-6013},
month={Dec},}

@inproceedings{KERNELROOTKITS,
 author = {Riley, Ryan and Jiang, Xuxian and Xu, Dongyan},
 title = {{Guest-Transparent Prevention of Kernel Rootkits with VMM-Based Memory Shadowing}},
 booktitle = {Proceedings of the 11th International Symposium on Recent Advances in Intrusion Detection},
 series = {RAID '08},
 year = {2008},
 isbn = {978-3-540-87402-7},
 location = {Cambridge, MA, USA},
 pages = {1--20},
 numpages = {20},
 url = {http://dx.doi.org/10.1007/978-3-540-87403-4_1},
 doi = {10.1007/978-3-540-87403-4_1},
 acmid = {1433008},
 publisher = {Springer-Verlag},
 address = {Berlin, Heidelberg},
}

@article{DRIVERRECOVERY,
 author = {Swift, Michael M. and Annamalai, Muthukaruppan and Bershad, Brian N. and Levy, Henry M.},
 title = {{Recovering Device Drivers}},
 journal = {ACM Trans. Comput. Syst.},
 issue_date = {November 2006},
 volume = {24},
 number = {4},
 month = nov,
 year = {2006},
 issn = {0734-2071},
 pages = {333--360},
 numpages = {28},
 url = {http://doi.acm.org/10.1145/1189256.1189257},
 doi = {10.1145/1189256.1189257},
 acmid = {1189257},
 publisher = {ACM},
 address = {New York, NY, USA},
 keywords = {I/O, Recovery, device drivers},
}

@inproceedings{STABILIZER,
 author = {Curtsinger, Charlie and Berger, Emery D.},
 title = {{STABILIZER: Statistically Sound Performance Evaluation}},
 booktitle = {Proceedings of the 18th International Conference on Architectural Support for Programming Languages and Operating Systems},
 series = {ASPLOS '13},
 year = {2013},
 isbn = {978-1-4503-1870-9},
 location = {Houston, Texas, USA},
 pages = {219--228},
 numpages = {10},
 url = {http://doi.acm.org/10.1145/2451116.2451141},
 doi = {10.1145/2451116.2451141},
 acmid = {2451141},
 publisher = {ACM},
 address = {New York, NY, USA},
 keywords = {measurement bias, performance evaluation, randomization},
}

@inproceedings{Wartell:2012:BSS:2382196.2382216,
 author = {Wartell, Richard and Mohan, Vishwath and Hamlen, Kevin W. and Lin, Zhiqiang},
 title = {{Binary Stirring: Self-randomizing Instruction Addresses of Legacy x86 Binary Code}},
 booktitle = {Proceedings of the 2012 ACM Conference on Computer and Communications Security},
 series = {CCS '12},
 year = {2012},
 isbn = {978-1-4503-1651-4},
 location = {Raleigh, North Carolina, USA},
 pages = {157--168},
 numpages = {12},
 url = {http://doi.acm.org/10.1145/2382196.2382216},
 doi = {10.1145/2382196.2382216},
 acmid = {2382216},
 publisher = {ACM},
 address = {New York, NY, USA},
 keywords = {obfuscation, randomization, return-oriented programming, software security},
}

@inproceedings{Hiser:2012:IWM:2310656.2310723,
 author = {Hiser, Jason and Nguyen-Tuong, Anh and Co, Michele and Hall, Matthew and Davidson, Jack W.},
 title = {{ILR: Where'D My Gadgets Go?}},
 booktitle = {Proceedings of the 2012 IEEE Symposium on Security and Privacy},
 series = {SP '12},
 year = {2012},
 isbn = {978-0-7695-4681-0},
 pages = {571--585},
 numpages = {15},
 url = {https://doi.org/10.1109/SP.2012.39},
 doi = {10.1109/SP.2012.39},
 acmid = {2310723},
 publisher = {IEEE Computer Society},
 address = {Washington, DC, USA},
 keywords = {Randomization, Exploit prevention, Diversity, ASLR, Return-oriented-programming, arc-injection},
} 

@inproceedings{Buchanan:2008:GIG:1455770.1455776,
 author = {Buchanan, Erik and Roemer, Ryan and Shacham, Hovav and Savage, Stefan},
 title = {{When Good Instructions Go Bad: Generalizing Return-oriented Programming to RISC}},
 booktitle = {Proceedings of the 15th ACM Conference on Computer and Communications Security},
 series = {CCS '08},
 year = {2008},
 isbn = {978-1-59593-810-7},
 location = {Alexandria, Virginia, USA},
 pages = {27--38},
 numpages = {12},
 url = {http://doi.acm.org/10.1145/1455770.1455776},
 doi = {10.1145/1455770.1455776},
 acmid = {1455776},
 publisher = {ACM},
 address = {New York, NY, USA},
 keywords = {RISC, SPARC, return-into-libc, return-oriented programming},
}

@article{Roemer:2012:RPS:2133375.2133377,
 author = {Roemer, Ryan and Buchanan, Erik and Shacham, Hovav and Savage, Stefan},
 title = {{Return-Oriented Programming: Systems, Languages, and Applications}},
 journal = {ACM Trans. Inf. Syst. Secur.},
 issue_date = {March 2012},
 volume = {15},
 number = {1},
 month = mar,
 year = {2012},
 issn = {1094-9224},
 pages = {2:1--2:34},
 articleno = {2},
 numpages = {34},
 url = {http://doi.acm.org/10.1145/2133375.2133377},
 doi = {10.1145/2133375.2133377},
 acmid = {2133377},
 publisher = {ACM},
 address = {New York, NY, USA},
 keywords = {NX, RISC, Return-oriented programming, SPARC, W-xor-X, attacks, control flow integrity, memory safety, return-into-libc, x86},
}

@inproceedings{TASR,
 author = {Bigelow, David and Hobson, Thomas and Rudd, Robert and Streilein, William and Okhravi, Hamed},
 title = {{Timely Rerandomization for Mitigating Memory Disclosures}},
 booktitle = {Proceedings of the 22nd ACM SIGSAC Conference on Computer and Communications Security},
 series = {CCS '15},
 year = {2015},
 isbn = {978-1-4503-3832-5},
 location = {Denver, Colorado, USA},
 pages = {268--279},
 numpages = {12},
 url = {http://doi.acm.org/10.1145/2810103.2813691},
 doi = {10.1145/2810103.2813691},
 acmid = {2813691},
 publisher = {ACM},
 address = {New York, NY, USA},
 keywords = {ASLR, information leakage, memory corruption, memory disclosure, memory randomization},
}

@inproceedings{REMIX,
 author = {Chen, Yue and Wang, Zhi and Whalley, David and Lu, Long},
 title = {{Remix: On-demand Live Randomization}},
 booktitle = {Proceedings of the 6th ACM Conference on Data and Application Security and Privacy},
 series = {CODASPY '16},
 year = {2016},
 isbn = {978-1-4503-3935-3},
 location = {New Orleans, Louisiana, USA},
 pages = {50--61},
 numpages = {12},
 url = {http://doi.acm.org/10.1145/2857705.2857726},
 doi = {10.1145/2857705.2857726},
 acmid = {2857726},
 publisher = {ACM},
 address = {New York, NY, USA},
 keywords = {application and kernel, aslr, code reuse attack defense, live randomization, operating system security, randomization, software security},
}

@article{NXLINUX,
author = {{LWN.net}},
year = {2004},
note = {\url{https://lwn.net/Articles/87814/}},
title = {{x86 NX support}}
}

@inproceedings{evans2015control,
  title={{Control jujutsu: On the weaknesses of fine-grained control flow integrity}},
  author={Evans, Isaac and Long, Fan and Otgonbaatar, Ulziibayar and Shrobe, Howard and Rinard, Martin and Okhravi, Hamed and Sidiroglou-Douskos, Stelios},
  booktitle={Proceedings of the 22nd ACM SIGSAC Conference on Computer and Communications Security},
  pages={901--913},
  year={2015},
  organization={ACM}
}

@inproceedings{davi2014stitching,
  title={{Stitching the gadgets: On the ineffectiveness of coarse-grained control-flow integrity protection}},
  author={Davi, Lucas and Sadeghi, Ahmad-Reza and Lehmann, Daniel and Monrose, Fabian},
  booktitle={Proceedings of the 23rd USENIX Security Symposium},
  series = {Security'14},
  pages={401--416},
  year={2014}
}

@inproceedings{Criswell:2014:KCC:2650286.2650804,
 author = {Criswell, John and Dautenhahn, Nathan and Adve, Vikram},
 title = {{KCoFI: Complete Control-Flow Integrity for Commodity Operating System Kernels}},
 booktitle = {Proceedings of the 2014 IEEE Symposium on Security and Privacy},
 series = {SP '14},
 year = {2014},
 isbn = {978-1-4799-4686-0},
 pages = {292--307},
 numpages = {16},
 url = {https://doi.org/10.1109/SP.2014.26},
 doi = {10.1109/SP.2014.26},
 acmid = {2650804},
 publisher = {IEEE Computer Society},
 address = {Washington, DC, USA},
 keywords = {control-flow integrity, operating systems, Free BSD, compiler, formal verification},
} 



@inproceedings{LFRC,
 author = {Valois, John D.},
 title = {{Lock-free Linked Lists Using Compare-and-swap}},
 booktitle = {Proceedings of the 14th Annual ACM Symposium on Principles of Distributed Computing},
 series = {PODC '95},
 year = {1995},
 isbn = {0-89791-710-3},
 location = {Ottowa, Ontario, Canada},
 pages = {214--222},
 numpages = {9},
 url = {http://doi.acm.org/10.1145/224964.224988},
 doi = {10.1145/224964.224988},
 acmid = {224988},
 publisher = {ACM},
 address = {New York, NY, USA},
}

@misc{GCCPLUGIN,
  author = {{GNU}},
  title = {{GCC Plugins}},
  note = {\url{https://gcc.gnu.org/wiki/plugins}}
 }

@misc{APACHEBENCH,
  author = {{The Apache Software Foundation}},
  title = {{ab - Apache HTTP server benchmarking tool}},
  note = {\url{https://httpd.apache.org/docs/2.2/en/programs/ab.html}}
 }


@article{KASLRLINUX,
author = {{LWN.net}},
year = {2013},
note = {\url{https://lwn.net/Articles/569635/}},
title = {{Kernel address space layout randomization}}
}

@inproceedings{Checkoway:2010:RPW:1866307.1866370,
 author = {Checkoway, Stephen and Davi, Lucas and Dmitrienko, Alexandra and Sadeghi, Ahmad-Reza and Shacham, Hovav and Winandy, Marcel},
 title = {{Return-oriented Programming Without Returns}},
 booktitle = {Proceedings of the 17th ACM Conference on Computer and Communications Security},
 series = {CCS '10},
 year = {2010},
 isbn = {978-1-4503-0245-6},
 location = {Chicago, Illinois, USA},
 pages = {559--572},
 numpages = {14},
 url = {http://doi.acm.org/10.1145/1866307.1866370},
 doi = {10.1145/1866307.1866370},
 acmid = {1866370},
 publisher = {ACM},
 address = {New York, NY, USA},
 keywords = {arm, return-oriented programming, x86},
}

@inproceedings{Shacham:2007:GIF:1315245.1315313,
 author = {Shacham, Hovav},
 title = {{The Geometry of Innocent Flesh on the Bone: Return-into-libc Without Function Calls (on the x86)}},
 booktitle = {Proceedings of the 14th ACM Conference on Computer and Communications Security},
 series = {CCS '07},
 year = {2007},
 isbn = {978-1-59593-703-2},
 location = {Alexandria, Virginia, USA},
 pages = {552--561},
 numpages = {10},
 url = {http://doi.acm.org/10.1145/1315245.1315313},
 doi = {10.1145/1315245.1315313},
 acmid = {1315313},
 publisher = {ACM},
 address = {New York, NY, USA},
 keywords = {instruction set, return-into-libc, turing completeness},
}

@article{STACKPROTECTOR,
author = {{LWN.net}},
year = {2014},
note = {\url{https://lwn.net/Articles/584225/}},
title = {{"Strong" stack protection for GCC}}
}

@article{UBUNTUNX,
author = {{Canonical Ltd.}},
year = {2019},
note = {\url{https://wiki.ubuntu.com/Security/Features}},
title = {{Ubuntu Security Features}}
}


@article{INTEL,
author = {{Intel Corporation}},
year = {2019},
note = {\url{https://software.intel.com/en-us/articles/intel-sdm}},
title = {{Intel 64 and IA-32 architectures software developer's manual}}
}

@article{RETPOLINE,
author = {Turner, Paul},
year = {2018},
note = {\url{https://support.google.com/faqs/answer/7625886}},
title = {{Retpoline: a software construct for preventing branch-target-injection}}
}

@article{UBUNTUPIE,
author = {Ubuntu Foundations Team},
year = {2017},
note = {\url{https://lists.ubuntu.com/archives/ubuntu-devel/2017-June/039816.html}},
title = {{Weekly Newsletter, 2017-06-15}}
}

@article{LINUXPIE,
author = {Kernel Hardening},
year = {2019},
note = {\url{https://www.openwall.com/lists/kernel-hardening/2019/01/31/5}},
title = {{PIE support for Linux}}
}

@article{SPECTRE,
author = {Kocher, Paul and Genkin, Daniel and Gruss, Daniel and Haas, Werner and Hamburg, Mike and Lipp, Moritz and Mangard, Stefan and Prescher, Thomas and Schwarz, Michael and Yarom, Yuval},
year = {2018},
note = {\url{https://spectreattack.com/spectre.pdf}},
title = {{Spectre Attacks: Exploiting Speculative Execution}}
}

@inproceedings{SHUFFLER,
 author = {Williams-King, David and Gobieski, Graham and Williams-King, Kent and Blake, James P. and Yuan, Xinhao and Colp, Patrick and Zheng, Michelle and Kemerlis, Vasileios P. and Yang, Junfeng and Aiello, William},
 title = {{Shuffler: Fast and Deployable Continuous Code Re-randomization}},
 booktitle = {Proceedings of the 12th USENIX Conference on Operating Systems Design and Implementation},
 series = {OSDI'16},
 year = {2016},
 isbn = {978-1-931971-33-1},
 location = {Savannah, GA, USA},
 pages = {367--382},
 numpages = {16},
 url = {http://dl.acm.org/citation.cfm?id=3026877.3026906},
 acmid = {3026906},
 publisher = {USENIX Association},
 address = {Berkeley, CA, USA},
} 

@inproceedings{BLINDROP,
 author = {Bittau, Andrea and Belay, Adam and Mashtizadeh, Ali and Mazi\`{e}res, David and Boneh, Dan},
 title = {{Hacking Blind}},
 booktitle = {Proceedings of the 2014 IEEE Symposium on Security and Privacy},
 series = {SP '14},
 year = {2014},
 isbn = {978-1-4799-4686-0},
 pages = {227--242},
 numpages = {16},
 url = {https://doi.org/10.1109/SP.2014.22},
 doi = {10.1109/SP.2014.22},
 acmid = {2650800},
 publisher = {IEEE Computer Society},
 address = {Washington, DC, USA},
}

@inproceedings{JITROP,
 author = {Snow, Kevin Z. and Monrose, Fabian and Davi, Lucas and Dmitrienko, Alexandra and Liebchen, Christopher and Sadeghi, Ahmad-Reza},
 title = {{Just-In-Time Code Reuse: On the Effectiveness of Fine-Grained Address Space Layout Randomization}},
 booktitle = {Proceedings of the 2013 IEEE Symposium on Security and Privacy},
 series = {SP '13},
 year = {2013},
 isbn = {978-0-7695-4977-4},
 pages = {574--588},
 numpages = {15},
 url = {http://dx.doi.org/10.1109/SP.2013.45},
 doi = {10.1109/SP.2013.45},
 acmid = {2498135},
 publisher = {IEEE Computer Society},
 address = {Washington, DC, USA},
} 

@inproceedings{ROPCOMPILER,
 author = {Schwartz, Edward J. and Avgerinos, Thanassis and Brumley, David},
 title = {{Q: Exploit Hardening Made Easy}},
 booktitle = {Proceedings of the 20th USENIX Security Symposium},
 series = {SEC'11},
 year = {2011},
 location = {San Francisco, CA},
 pages = {25--41},
 url = {http://dl.acm.org/citation.cfm?id=2028067.2028092},
 acmid = {2028092},
 publisher = {USENIX Association},
 address = {Berkeley, CA, USA},
}

@TechReport{epoch1,
  author =       {Fraser, Keir},
  title =        {{Practical lock-freedom}},
  year =         2004,
  month =        feb,
  note =          {\url{http://www.cl.cam.ac.uk/techreports/UCAM-CL-TR-579.pdf}},
  institution =  {University of Cambridge, Computer Laboratory},
  number =       {UCAM-CL-TR-579}
}

@article{epoch2,
title = "Performance of memory reclamation for lockless synchronization",
journal = "Journal of Parallel and Distributed Computing",
volume = "67",
number = "12",
pages = "1270 - 1285",
year = "2007",
note = "Best Paper Awards: 20th International Parallel and Distributed Processing Symposium (IPDPS 2006)",
issn = "0743-7315",
doi = "https://doi.org/10.1016/j.jpdc.2007.04.010",
url = "http://www.sciencedirect.com/science/article/pii/S074373150700069X",
author = "Thomas E. Hart and Paul E. McKenney and Angela Demke Brown and Jonathan Walpole",
keywords = "Lockless, Non-blocking, Memory reclamation, Hazard pointers, Read-copy update, Synchronization, Concurrency, Performance"
} 

@inproceedings{DATAFLOW,
 author = {Chen, Shuo and Xu, Jun and Sezer, Emre C. and Gauriar, Prachi and Iyer, Ravishankar K.},
 title = {{Non-control-data Attacks Are Realistic Threats}},
 booktitle = {Proceedings of the 14th USENIX Security Symposium},
 series = {SSYM'05},
 year = {2005},
 location = {Baltimore, MD},
 pages = {177--191},
 numpages = {15},
 url = {http://dl.acm.org/citation.cfm?id=1251398.1251410},
 acmid = {1251410},
 publisher = {USENIX Association},
 address = {Berkeley, CA, USA},
}

@article{33387,
title	= {{The Case for Energy-Proportional Computing}},
author	= {Luiz André Barroso and Urs Hölzle},
year	= {2007},
URL	= {http://www.computer.org/portal/site/computer/index.jsp?pageID=computer_level1&path=computer/homepage/Dec07&file=feature.xml&xsl=article.xsl},
journal	= {IEEE Computer},
volume	= {40}
}

@incollection{bohrer2002case,
  title={{The case for power management in web servers}},
  author={Bohrer, Pat and Elnozahy, Elmootazbellah N and Keller, Tom and Kistler, Michael and Lefurgy, Charles and McDowell, Chandler and Rajamony, Ram},
  booktitle={Power aware computing},
  pages={261--289},
  year={2002},
  publisher={Springer}
}

@inproceedings{Prakash:2015:DRT:2818000.2818023,
 author = {Prakash, Aravind and Yin, Heng},
 title = {{Defeating ROP Through Denial of Stack Pivot}},
 booktitle = {Proceedings of the 31st Annual Computer Security Applications Conference},
 series = {ACSAC 2015},
 year = {2015},
 isbn = {978-1-4503-3682-6},
 location = {Los Angeles, CA, USA},
 pages = {111--120},
 numpages = {10},
 url = {http://doi.acm.org/10.1145/2818000.2818023},
 doi = {10.1145/2818000.2818023},
 acmid = {2818023},
 publisher = {ACM},
 address = {New York, NY, USA},
} 

@inbook{gccPlugins,
  title = {{GNU Compiler Collection Internals}},
  chapter = {24},
  author = {Richard M. Stallman and the GCC Developer Community},
   pages        = {665-672},
  publisher    = {Free Software Foundation, Inc.},
  year         = {1988-2018}
}
