@misc{elixir_kernel_range:online,
author = {},
title = {Linux source code: arch/x86/include/asm/pgtable\_64\_types.h (v5.0.2) - Bootlin},
howpublished = {\url{https://elixir.bootlin.com/linux/v5.0.2/source/arch/x86/include/asm/pgtable_64_types.h#L146}},
month = {},
year = {},
note = {(Accessed on 01/12/2020)}
}

@misc{Meltdown53:online,
author = {},
title = {{Meltdown and Spectre}},
howpublished = {\url{https://spectreattack.com/#faq-systems-spectre}},
month = {},
year = {2018},
note = {(Accessed on 01/05/2020)}
}

@misc{spectre_ibm:online,
author = {},
title = {Potential Impact on Processors in the POWER Family - IBM PSIRT Blog},
howpublished = {\url{https://www.ibm.com/blogs/psirt/potential-impact-processors-power-family/}},
month = {},
year = {},
note = {(Accessed on 01/05/2020)}
}

@misc{spectre_phone_computer:online,
author = {},
title = {Security flaws put virtually all phones, computers at risk - Reuters},
howpublished = {\url{https://www.reuters.com/article/us-cyber-intel/security-flaws-put-virtually-all-phones-computers-at-risk-idUSKBN1ES1BO}},
month = {},
year = {},
note = {(Accessed on 01/05/2020)}
}

@misc{schirra_2019, title={sashs/Ropper}, url={https://github.com/sashs/Ropper}, journal={GitHub Ropper}, author={Schirra, Sascha}, year={2019}, month={Aug}}

@inproceedings{nikolaev2019hyaline,
author = {Nikolaev, Ruslan and Ravindran, Binoy},
title = {{Hyaline: Fast and Transparent Lock-Free Memory Reclamation}},
year = {2019},
isbn = {9781450362177},
publisher = {Association for Computing Machinery},
address = {New York, NY, USA},
url = {https://doi.org/10.1145/3293611.3331575},
doi = {10.1145/3293611.3331575},
booktitle = {Proceedings of the 2019 ACM Symposium on Principles of Distributed Computing},
pages = {419–421},
numpages = {3},
keywords = {concurrent data structures, lock-free, memory reclamation},
location = {Toronto ON, Canada},
series = {PODC ’19}
}

@inproceedings{follner2016analyzing,
  title={Analyzing the gadgets},
  author={Follner, Andreas and Bartel, Alexandre and Bodden, Eric},
  booktitle={International Symposium on Engineering Secure Software and Systems},
  pages={155--172},
  year={2016},
  organization={Springer}
}

@misc{canonical ltd. ubuntu security features. 2019, url={https://wiki.ubuntu.com/Security/Features}}

@inproceedings{LFRC,
 author = {Valois, John D.},
 title = {{Lock-free Linked Lists Using Compare-and-swap}},
 booktitle = {Proceedings of the 14th Annual ACM Symposium on Principles of Distributed Computing},
 series = {PODC '95},
 year = {1995},
 isbn = {0-89791-710-3},
 location = {Ottowa, Ontario, Canada},
 pages = {214--222},
 numpages = {9},
 url = {http://doi.acm.org/10.1145/224964.224988},
 doi = {10.1145/224964.224988},
 acmid = {224988},
 publisher = {ACM},
 address = {New York, NY, USA},
}

@article{epoch2,
title = "Performance of memory reclamation for lockless synchronization",
journal = "Journal of Parallel and Distributed Computing",
volume = "67",
number = "12",
pages = "1270 - 1285",
year = "2007",
note = "Best Paper Awards: 20th International Parallel and Distributed Processing Symposium (IPDPS 2006)",
issn = "0743-7315",
doi = "https://doi.org/10.1016/j.jpdc.2007.04.010",
url = "http://www.sciencedirect.com/science/article/pii/S074373150700069X",
author = "Thomas E. Hart and Paul E. McKenney and Angela Demke Brown and Jonathan Walpole",
keywords = "Lockless, Non-blocking, Memory reclamation, Hazard pointers, Read-copy update, Synchronization, Concurrency, Performance"
}

@article{X86_ABI,
author = {{H.J. Lu Et al.}},
year = {2018},
note = {\url{https://github.com/hjl-tools/x86-psABI/wiki/x86-64-psABI-1.0.pdf}},
title = {{System V Application Binary Interface}}
}

@article{CAS_Reactor,
author = {{No Bugs Hare}},
year = {2018},
note = {\url{http://ithare.com/cas-reactor-for-non-blocking-multithreaded-primitives/}},
title = {{CAS (Re)Actor for Non-Blocking Multithreaded Primitives}}
}

@article{Linux_Pointer_NON_STD,
author = {{Misc}},
note = {\url{https://elixir.bootlin.com/linux/v5.0.2/source/fs/debugfs/inode.c#L360}},
title = {{Example of non standard pointer use in linux kernel}}
}

@article{33387,
title	= {{The Case for Energy-Proportional Computing}},
author	= {Luiz André Barroso and Urs Hölzle},
year	= {2007},
URL	= {http://www.computer.org/portal/site/computer/index.jsp?pageID=computer_level1&path=computer/homepage/Dec07&file=feature.xml&xsl=article.xsl},
journal	= {IEEE Computer},
volume	= {40}
}

@incollection{bohrer2002case,
  title={The case for power management in web servers},
  author={Bohrer, Pat and Elnozahy, Elmootazbellah N and Keller, Tom and Kistler, Michael and Lefurgy, Charles and McDowell, Chandler and Rajamony, Ram},
  booktitle={Power aware computing},
  pages={261--289},
  year={2002},
  publisher={Springer}
}

@misc{PhrackMa67:online,
author = {},
title = {{Phrack Magazine: Smashing The Stack For Fun And Profit}},
howpublished = {\url{http://www.phrack.org/issues/49/14.html#article}},
month = {11},
year = {1996},
note = {(Accessed on 01/12/2020)}
}

@article{pincus2004beyond,
  title={Beyond stack smashing: Recent advances in exploiting buffer overruns},
  author={Pincus, Jonathan and Baker, Brandon},
  journal={IEEE Security \& Privacy},
  volume={2},
  number={4},
  pages={20--27},
  year={2004},
  publisher={IEEE}
}

@misc{cvedetails:online,
author = {},
title = {Vulnerability distribution of cve security vulnerabilities by types},
howpublished = {\url{https://www.cvedetails.com/vulnerabilities-by-types.php}},
month = {},
year = {},
note = {(Accessed on 01/12/2020)}
}

@misc{cvedetails_kernel,
author = {},
title = {Linux Linux Kernel : List of security vulnerabilities},
howpublished = {\url{https://www.cvedetails.com/vulnerability-list/vendor_id-33/product_id-47/Linux-Linux-Kernel.html}},
month = {},
year = {},
note = {(Accessed on 01/12/2020)}
}

@inproceedings{evans2015control,
  title={Control jujutsu: On the weaknesses of fine-grained control flow integrity},
  author={Evans, Isaac and Long, Fan and Otgonbaatar, Ulziibayar and Shrobe, Howard and Rinard, Martin and Okhravi, Hamed and Sidiroglou-Douskos, Stelios},
  booktitle={Proceedings of the 22nd ACM SIGSAC Conference on Computer and Communications Security},
  pages={901--913},
  year={2015},
  organization={ACM}
}

@inproceedings{lu2016make,
  title={{How to Make ASLR Win the Clone Wars: Runtime Re-Randomization.}},
  author={Lu, Kangjie and Lee, Wenke and N{\"u}rnberger, Stefan and Backes, Michael},
  booktitle={NDSS},
  year={2016}
}

@inproceedings{chen2017you,
  title={What you see is not what you get! thwarting just-in-time rop with chameleon},
  author={Chen, Ping and Xu, Jun and Hu, Zhisheng and Xing, Xinyu and Zhu, Minghui and Mao, Bing and Liu, Peng},
  booktitle={2017 47th Annual IEEE/IFIP International Conference on Dependable Systems and Networks (DSN)},
  pages={451--462},
  year={2017},
  organization={IEEE}
}

@misc{web:kernbench,
  author = {{Con Kolivas}},
  title = {{CPU throughput benchmark designed to compare kernels}},
  note = {\url{http://ck.kolivas.org/apps/kernbench/kernbench-0.50/}},
}

@misc{pie_patch_1:online,
author = {},
title = {{kernel-hardening - [PATCH v2 01/01]: Prerequisites for PIC modules}},
howpublished = {\url{https://www.openwall.com/lists/kernel-hardening/2019/03/21/6}},
month = {},
year = {},
note = {(Accessed on 01/21/2020)}
}

@misc{pie_patch_2:online,
author = {},
title = {{kernel-hardening - [PATCH v2 02/02]: Support for PIC modules}},
howpublished = {\url{https://www.openwall.com/lists/kernel-hardening/2019/03/21/7}},
month = {},
year = {},
note = {(Accessed on 01/21/2020)}
}

@misc{ahmed2019methodologies,
    title={{Methodologies for Quantifying (Re-)randomization Security and Timing under JIT-ROP}},
    author={Md Salman Ahmed and Ya Xiao and Gang Tan and Kevin Snow and Fabian Monrose and Danfeng and Yao},
    year={2019},
    eprint={1910.03034},
    archivePrefix={arXiv},
    primaryClass={cs.CR}
}

@inproceedings{strackx2009breaking,
  title={Breaking the memory secrecy assumption},
  author={Strackx, Raoul and Younan, Yves and Philippaerts, Pieter and Piessens, Frank and Lachmund, Sven and Walter, Thomas},
  booktitle={Proceedings of the Second European Workshop on System Security},
  pages={1--8},
  year={2009}
}

@misc{Adelie,
    title={{Adelie: Continuous Address Space Layout Re-Randomization for Linux Drivers}},
    author={Ruslan Nikolaev and Hassan Nadeem and Cathlyn Stone and Binoy Ravindran},
    year={Under submission. 2020.}
}

@misc{gcc_retpoline:online,
author = {},
title = {{GCC retpoline implementation}},
howpublished = {\url{http://git.infradead.org/users/dwmw2/gcc-retpoline.git/shortlog/refs/heads/gcc-7_2_0-retpoline-20171219}},
month = {},
year = {},
note = {(Accessed on 02/12/2020)}
}

@misc{llvm_retpoline:online,
author = {},
title = {{LLVM retpoline implementation}},
howpublished = {\url{https://reviews.llvm.org/D41723}},
month = {},
year = {},
note = {(Accessed on 02/12/2020)}
}